@inproceedings{Karpagachelvi2010,
	author = {S. Karpagachelvi,Dr.M.Arthanari, Prof. & Head, M.Sivakumar},
title={ECG Feature Extractions Techiques - A Survey Approach},
eventtitle = {(IJCSIS) International Journal of Computer Science and Information Security},
eventdate = {April 2010},
year = {2010},
volumes = {8},
number = {1},
pages = {5},
doi = {ISSN 1947-5500},
}

@article{Kanwar2015,
	author = {Geeta Kanwar},
	title = {A Review : Detection of Premature Ventricular Contraction Beat of ECG},
	journaltitle = {International Journal of Advanced Research in Electrical, Electronics, and Instrumentation Engineering},
	date = {date},
	OPTtranslator = {translator},
	OPTannotator = {annotator},
	OPTcommentator = {commentator},
	OPTsubtitle = {subtitle},
	OPTtitleaddon = {titleaddon},
	OPTeditor = {editor},
	editora = {Geeta Kanwar},
	editorb = {Naveen Kumar Dewangan},
	editorc = {Kiran Dewangan},
	OPTjournalsubtitle = {journalsubtitle},
	OPTissuetitle = {issuetitle},
	OPTissuesubtitle = {issuesubtitle},
	OPTlanguage = {language},
	OPToriglanguage = {origlanguage},
	OPTseries = {series},
	volume = {4},
	OPTnumber = {number},
	OPTeid = {eid},
	issue = {2},
	month = {February 2015},
	pages = {4},
	OPTversion = {version},
	OPTnote = {note},
	issn = {2278-8875},
	OPTaddendum = {addendum},
	OPTpubstate = {pubstate},
	doi = {3297},
	OPTeprint = {eprint},
	OPTeprintclass = {eprintclass},
	OPTeprinttype = {eprinttype},
	url = {10.15662/ijareeie.2015.0402047},
	OPTurldate = {urldate},
}

@proceedings{Arief2015,
	author = {Arief Adhi Nugroho, Bambang Harjito, Anik Lestari},
	editor = {Arief Adhi Nugroho},
	title = {Premature Ventricular Contraction Detection Using
	Artificial Neural Network Developed in Android
	Application},
	booktitle = {booktitle},
	date = {date},
	OPTsubtitle = {subtitle},
	OPTtitleaddon = {titleaddon},
	OPTmaintitle = {maintitle},
	OPTmainsubtitle = {mainsubtitle},
	OPTmaintitleaddon = {maintitleaddon},
	OPTbooksubtitle = {booksubtitle},
	OPTbooktitleaddon = {booktitleaddon},
	eventtitle = {Joint International Conference on Electric Vehicular Technology and Industrial,
	Mechanical, Electrical and Chemical Engineering (ICEVT & IMECE) 2015},
	OPTeventdate = {eventdate},
	OPTvenue = {venue},
	OPTlanguage = {language},
	OPTvolume = {volume},
	OPTpart = {part},
	OPTvolumes = {volumes},
	OPTseries = {series},
	OPTnumber = {number},
	OPTnote = {note},
	OPTorganization = {organization},
	OPTpublisher = {publisher},
	OPTlocation = {location},
	OPTmonth = {month},
	OPTisbn = {isbn},
	OPTchapter = {chapter},
	OPTpages = {pages},
	OPTaddendum = {addendum},
	OPTpubstate = {pubstate},
	OPTdoi = {doi},
	OPTeprint = {eprint},
	OPTeprintclass = {eprintclass},
	OPTeprinttype = {eprinttype},
	OPTurl = {url},
	OPTurldate = {urldate},
}

@article{Pedro2014,
	author = {Pedro Cuesta},
	editor = {Pedro Cuesta},
	title = {Detection of premature ventricular
	contractions using the RR-interval signal: A
	simple algorithm for mobile devices},
	journaltitle = {Technology and Health Care},
	date = {14 April 2014},
	editor = {Pedro Cuesta},
	editora = {Maria J. Lado},
	editorb = {Xose A. Villa},
	editorc = {Raul Alonso},
	issuetitle = {Technology and Health Care},
	issn = {651-656},
	doi = {10.3233/THC-140818},
}

@thesis{Huang2015Thesis,
	author = {Huang Dong},
	title = {ECG PVC Classification Algorithm Based on Fusion SVM and Wavelet Transform},
	type = {type},
	institution = {QinZhou University},
	date = {date},
	OPTsubtitle = {subtitle},
	OPTtitleaddon = {titleaddon},
	OPTlanguage = {language},
	OPTnote = {note},
	OPTlocation = {location},
	OPTmonth = {month},
	isbn = {193-202},
	OPTchapter = {chapter},
	pages = {8-9},
	pagetotal = {10},
	OPTaddendum = {addendum},
	OPTpubstate = {pubstate},
	doi = {10.14257},
	OPTeprint = {eprint},
	OPTeprintclass = {eprintclass},
	OPTeprinttype = {eprinttype},
	url = {http://dx.doi.org/10.14257/ijsip.2015.8.1.17},
	OPTurldate = {urldate},
}

@proceedings{Lekuthai2014,
	author = {Apiwat Lek-uthai},
	editor = {Apiwat Lek-uthai},
	title = {Algorithm Development for Real-time Detection od Premature Ventricular Contraction},
	date = {date},
	publisher = {IEEE},
	isbn = {978-1-4799-4075-2},
	Year = {2014},
}

@article{A.Ouelli2012_AR,
	author = {A.Ouelli},
	title = {AR Modeling for Cardiac Arrhythmia Classification Using MLP Neural Networks},
	journaltitle = {International Journal of Computer Applications},
	date = {June 2012},
	year = {2012},
	doi = {0975-8887},
}

@proceedings{zhao2010,
	author = {Jiyin Zhao},
	editor = {Jiyin Zhao},
	title = {ECG Signal Adaptive Filtering and QRS Complex Detecting Method},
	booktitle = {booktitle},
	date = {date},
	eventtitle = {International Conference on Biomedical Engineering and Informatics},
	eventdate = {2010},
	doi = {978-1-4244-6498-2},
	year = {2010},
}

@proceedings{srivastava,
	author = {V.K. Srivastava, Dr. Devendra Prasad},
	editor = {V.K. Srivastava},
	title = {DWT - Based Feature Extraction From ECG Signal},
	booktitle = {booktitle},
	date = {date},
	eventtitle = {American Journal of Engineering Research (AJER)},
	volume = {2},
	ISSN = {2320-0936},
	issue = {3},
	year = {2013},
}



@proceedings{UMaji,
	author = {U Maji, M Mitra, S Pal},
	editor = {U Maji, M Mitra, S Pal},
	title = {Automatic Detection of Atrial Fibrillation using Empirical Mode Decomposition and Statistical Approach},
	booktitle = {booktitle},
	date = {October},
	eventtitle = {International Conference on Computational Intelligence: Modeling Techniques and Applications
	(CIMTA) 2013},
	year = {2013},
}

@article{Adam2010,
	author = {Adam Szczepanski, Khalid Saeed, Alois Ferscha},
	editor = {Adam Szczepanski, Khalid Saeed, Alois Ferscha}
	title = {A New Method for ECG Signal Feature Extraction},
	journaltitle = {ICCVG},
	date = {2010},
	LNCS = {6375},
	pp = {334-341},
}


@online{who,
	ALTauthor = {WHO},
	ALTeditor = {editor},
	title = {Cardiovascular diseases (CVDs)},
	date = {date},
	url = {http://www.who.int/mediacentre/factsheets/fs317/en/},
}

@proceedings{akilandeswari2014,
	editor = {K. Akilandeswari, R. Sathya},
	title = {Feature Extractrion of ECG signals for early detetction of heart arrhythmia},
	date = {December},
	eventtitle = {International Journal od Advanced Research in Computer and Commnunication Engineering},
	volume = {3},
	issn = {2278-1021},
	year  = {2014},
}
@article{heart_act,
	author = {-},
	title = {Cardiology Teaching Package},
	date = {30 October},
	url = {http://www.nottingham.ac.uk/nursing/practice/resources/cardiology/function/conduction.php},
	subtitle = {A Beginners Guide to Normal Heart Function, Sinus Rhythm & Common Cardiac Arrhythmias},
	year = {2016},
}


@proceedings{khandait2012,
	author = {P.D.Khandait, N.G. Bawane, S.S.Limaye},
	editor = {P.D.Khandait, N.G. Bawane, S.S.Limaye},
	title = {Feature Extraction of ECG Signal for Detecting Cardiac Arrhytmias},
	date = {date},
	eventtitle = {National Conference on Innovative Paradigms in Engineering & Technology (NCIPET-2012)
	Proceedings published by International Journal of Computer Applications® (IJCA)},
}

@online{mit-bih,
	author = {George B. Moody},
	title = {MIT-BIH Arhythmia Database Directory},
	date = {24 May 1997},
	url = {https://www.physionet.org/physiobank/database/html/mitdbdir/records.htm
	},
}

@proceedings{yasinKaya,
	author = {Yasin Kaya, Hüseyin Pehlivan},
	editor = {Yasin Kaya, Hüseyin Pehlivan},
	title = {Classicfication of Premature Ventricular Contraction in ECG},
	eventtitle = {(IJACSA) International Journal of Advanced Computer Science and Applications},
	location = {Turkey},
}

@proceedings{RobertChen,
	author = {Robert Chen-Hao Chang,Chih-Hung Lin,
	Ming-Fan Wei,Kuang-Hao Lin,Shiue-Ru Chen},
	editor = {Ming-Fan Wei,Kuang-Hao Lin,Shiue-Ru Chen},
	title = {High-Precision Real-Time Premature Ventricular Contraction (PVC) Detection System Based on Wavelet Transform},
	booktitle = {booktitle},
	date = {28 June 2013},
	OPTsubtitle = {subtitle},
	OPTtitleaddon = {titleaddon},
	OPTmaintitle = {maintitle},
	OPTmainsubtitle = {mainsubtitle},
	OPTmaintitleaddon = {maintitleaddon},
	OPTbooksubtitle = {booksubtitle},
	OPTbooktitleaddon = {booktitleaddon},
	OPTeventtitle = {eventtitle},
	OPTeventdate = {eventdate},
	OPTvenue = {venue},
	OPTlanguage = {language},
	OPTvolume = {volume},
	OPTpart = {part},
	OPTvolumes = {volumes},
	OPTseries = {series},
	OPTnumber = {number},
	OPTnote = {note},
	OPTorganization = {organization},
	OPTpublisher = {Springer Science+Business Media },
	OPTlocation = {location},
	OPTmonth = {month},
	OPTisbn = {isbn},
	OPTchapter = {chapter},
	OPTpages = {pages},
	OPTaddendum = {addendum},
	OPTpubstate = {New York},
	OPTdoi = { 10.1007/s11265-013-0823-6},
	OPTeprint = {eprint},
	OPTeprintclass = {eprintclass},
	OPTeprinttype = {eprinttype},
	OPTurl = {url},
	OPTurldate = {urldate},
}

@article{Sreelakshmi,
	author = {Sreelakshmi TG, Seethal Paul},
	editor = {Sreelakshmi TG, Seethal Paul},
	title = {AN ACCURATE ECG FEATURE
	EXTRACTION METHOD FOR DETECTING
	MULTIPLE CARDIOVASCULAR DISEASES},
	date = {28 October 2016},
	url = {http://www.ijiset.com/v1s9/IJISET_V1_I9_08.pdf},
	OPTsubtitle = {subtitle},
	OPTtitleaddon = {titleaddon},
	OPTlanguage = {language},
	OPTversion = {version},
	OPTnote = {note},
	OPTorganization = {organization},
	OPTdate = {date},
	OPTmonth = {month},
	OPTyear = {year},
	OPTaddendum = {addendum},
	OPTpubstate = {pubstate},
	OPTurldate = {urldate},
}


@article{Chang1987,
	author = {Walter H. Chang},
	title = {A Realtime feature extraction method for PVC detection in bedside monitor},
	journaltitle = {Journal of the Chinese Institute of Engineers},
	date = {date},
	doi = {10.1080/02533839.1987.9677004},
	url = {http://dx.doi.org/10.1080/02533839.1987.9677004},
	urldate = {29 April 2015},
	
}

@article{rameshwari,
	author = {Rameshwari S Mane1, A N Cheeran2, Vaibhav D Awandekar3 and Priya
	Rani},
	title = {Cardiac Arrhythmia Detection By ECG Feature Extraction},
	journaltitle = {International Journal
	of Engineering Research and Applications (IJERA)},
	date = {March-April 2013},
	issn = {2248-9622},
	url = {www.ijera.com},
	pp = {327-332},
}

@article{fahruzi,
	author = {Imam Fahruzi},
	title = {DETEKSI KETIDAKNORMALAN PREMATURE VENTRICLE CONTRACTIONS(PVCS) BERDASARKAN RR INTERVAL DAN CORRELATION COEFFICIENT},
	date = {24 Mar 2014},
	pubstate = {Bandung},
	url = {http://digilib.itb.ac.id/gdl.php?mod=browse&op=read&id=jbptitbpp-gdl-imanfahruz-17869},
	ID Publisher = {JBPTITBPP},
	isbn = {978-602-17488-0-0},
	year = {2014},
}

@article{Ucuk,
	author = {Ucuk Darusalam},
	title = {Wavelet Transform : Overview Teknis},
	journaltitle = {Jurnal Artificial, ICT Research Center UNAS},
	date = {1 Janurari 2009},
	issn = {1978-9491},
	url = {old.unas.ac.id/download.php?file=ArVol_3_No1_08_list1.pdf},
}

@online{Xianzhao,
	author = {Xianzhao Yang, Gengguo Cheng, Huikang Liu},
	title = {Improved Empirical Mode Decomposition Algorithm of Processing Complex Signal for IoT Application},
	date = {15 December 2014},
	url = {http://dsn.sagepub.com/content/11/10/862807.full},
}

@online{emd,
	author = {victor},
	title = {INTRODUCTION TO THE EMPIRICAL MODE DECOMPOSITION METHOD
	},
	date = {18 July 2012},
	url = {https://www.mql5.com/en/articles/439},
	year = {2012},
}

@online{gabriel,
	author = {Gabriel Rilling, Patrick Flandrin, Paulo Gon¸calv`es},
	title = {ON EMPIRICAL MODE DECOMPOSITION
	AND ITS ALGORITHMS},
	date = {date},
	url = {http://citeseerx.ist.psu.edu/viewdoc/download?doi=10.1.1.586.812&rep=rep1&type=pdf},
}

@online{sads,
	ALTauthor = {author},
	ALTeditor = {editor},
	title = {Warning Signs of SADS},
	date = {date},
	url = {http://www.sads.org/What-is-SADS#.WFnpXht97IU},
	OPTsubtitle = {subtitle},
	OPTtitleaddon = {titleaddon},
	OPTlanguage = {english},
	OPTversion = {version},
	OPTnote = {note},
	OPTorganization = {SADS Foundation},
	OPTdate = {date},
	OPTmonth = {month},
	OPTyear = {year},
	OPTaddendum = {addendum},
	OPTpubstate = {pubstate},
	OPTurldate = {urldate},
}

@proceedings {s.a.Taouli,
	author = {S.A.Taouli, F.Bereksi-Reguig},
	title = {Detection of QRS Complexes in ECG Signals Based on
		Empirical Mode Decomposition},
	journaltitle = {Global Journal of Computer Science and Technology},
	date = {date},
	OPTtranslator = {translator},
	OPTannotator = {annotator},
	OPTcommentator = {commentator},
	OPTsubtitle = {subtitle},
	OPTtitleaddon = {titleaddon},
	OPTeditor = {S.A.Taouli},
	OPTeditora = {F.Bereksi-Reguig},
	OPTeditorb = {editorb},
	OPTeditorc = {editorc},
	OPTjournalsubtitle = {journalsubtitle},
	OPTissuetitle = {issuetitle},
	OPTissuesubtitle = {issuesubtitle},
	OPTlanguage = {language},
	OPToriglanguage = {origlanguage},
	OPTseries = {series},
	OPTvolume = {11},
	OPTnumber = {number},
	OPTeid = {eid},
	OPTissue = {20},
	OPTmonth = {month},
	OPTpages = {pages},
	OPTversion = {version},
	OPTnote = {note},
	OPTissn = {0975-4172},
	OPTaddendum = {addendum},
	OPTpubstate = {pubstate},
	OPTdoi = {doi},
	OPTeprint = {eprint},
	OPTeprintclass = {eprintclass},
	OPTeprinttype = {eprinttype},
	OPTurl = {https://core.ac.uk/download/pdf/15684461.pdf},
	OPTurldate = {urldate},
}

@proceedings{Umer2014,
	author = {Muhammad Umer},
	editor = {Tahir Zaidi},
	title = {Electrocardiogram Feature Extraction
	and Pattern Recognition Using a Novel
	Windowing Algorithm},
	date = {10 October 2014},
	publisher = {http://www.scirp.org/},
	Year = {2014},
}
